@misc{FeynmanWikipedia,
  title        = {Richard Feynman, Wikipedia},
  howpublished = {\url{https://www.snort.org/https://en.wikipedia.org/wiki/Richard_Feynman}},
  note         = {Accessed: 2024-20-13},
}

@misc{FeynmanMedium,
  title        = {Richard Feynman, Medium on explainin things},
  howpublished = {\url{https://medium.com/@markolson_25124/for-richard-feynman-if-you-cant-explain-something-in-simple-terms-you-don-t-understand-it-408e9e743668}},
  note         = {Accessed: 2024-20-13},
}

@misc{FeynmanFoolOurselves,
  title        = {Richard Feynman, Medium, Ilsoe},
  howpublished = {\url{https://ilsoe.medium.com/you-must-not-fool-yourself-and-you-are-the-easiest-person-to-fool-82da1ddeaa6b}},
  note         = {Accessed: 2024-20-13},
}
@misc{anacron,
  title        = {anacron},
  howpublished = {\url{https://en.wikipedia.org/wiki/Anacron}},
  note         = {Accessed: 2024-20-13},
}
@misc{syslog,
  title        = {syslog},
  howpublished = {\url{https://en.wikipedia.org/wiki/Syslog}},
  note         = {Accessed: 2024-20-13},
}
@misc{pamRhostsAuth,
  title        = {pam rhosts auth},
  howpublished = {\url{https://www.ibm.com/docs/en/aix/7.2?topic=files-pam-rhosts-auth-module}},
  note         = {Accessed: 2024-20-13},
}
 



